<record><leader>00000cas a22000007a 4500</leader><controlfield tag="001">13172706</controlfield><controlfield tag="008">860219d189u1894mtuwr ne      0    0eng d</controlfield><datafield ind1=" " ind2=" " tag="010"><subfield code="a">sn 86075049 </subfield></datafield><datafield ind1=" " ind2=" " tag="040"><subfield code="a">MTL</subfield><subfield code="b">eng</subfield><subfield code="c">MTL</subfield><subfield code="d">OCLCQ</subfield></datafield><datafield ind1=" " ind2=" " tag="042"><subfield code="a">msc</subfield></datafield><datafield ind1="0" ind2=" " tag="130"><subfield code="a">Saturday chronicle (Helena, Mont.)</subfield></datafield><datafield ind1="1" ind2="4" tag="245"><subfield code="a">The Saturday chronicle.</subfield></datafield><datafield ind1=" " ind2=" " tag="260"><subfield code="a">Helena, Mont. :</subfield><subfield code="b">Cole &amp; Garvey</subfield></datafield><datafield ind1=" " ind2=" " tag="300"><subfield code="a">v. ;</subfield><subfield code="c">44 cm.</subfield></datafield><datafield ind1=" " ind2=" " tag="310"><subfield code="a">Weekly</subfield></datafield><datafield ind1="1" ind2=" " tag="362"><subfield code="a">Began with May 19?; ceased with July 28?, 1894.</subfield></datafield><datafield ind1=" " ind2=" " tag="588"><subfield code="a">Description based on: Vol. 1, no. 10 (July 21, 1894).</subfield></datafield><datafield ind1=" " ind2=" " tag="752"><subfield code="a">United States</subfield><subfield code="b">Montana</subfield><subfield code="c">Lewis and Clark</subfield><subfield code="d">Helena.</subfield></datafield><datafield ind1="0" ind2="0" tag="785"><subfield code="t">Helena chronicle</subfield><subfield code="w">(DLC)sn 86075050</subfield></datafield></record>